@article{zhang2018self,
  title={Self-attention generative adversarial networks},
  author={Zhang, Han and Goodfellow, Ian and Metaxas, Dimitris and Odena, Augustus},
  journal={arXiv preprint arXiv:1805.08318},
  year={2018}
}
@inproceedings{shaw2018self,
  title={Self-attention with relative position representations},
  author={Shaw, Peter and Uszkoreit, Jakob and Vaswani, Ashish},
  booktitle={NAACL'18},
  year={2018}
}
@inproceedings{burt1988attention,
  title={Attention mechanisms for vision in a dynamic world},
  author={Burt, Peter J},
  booktitle={ICPR'88},
  pages={977--987},
  year={1988},
  organization={IEEE}
}
@article{sun2003object,
  title={Object-based visual attention for computer vision},
  author={Sun, Yaoru and Fisher, Robert},
  journal={Artificial intelligence},
  volume={146},
  number={1},
  pages={77--123},
  year={2003},
  publisher={Elsevier}
}
@inproceedings{zhou2018atrank,
  title={Atrank: An attention-based user behavior modeling framework for recommendation},
  author={Zhou, Chang and Bai, Jinze and Song, Junshuai and Liu, Xiaofei and Zhao, Zhengchao and Chen, Xiusi and Gao, Jun},
  booktitle={AAAI'18},
  year={2018}
}
@article{devlin2018bert,
  title={Bert: Pre-training of deep bidirectional transformers for language understanding},
  author={Devlin, Jacob and Chang, Ming-Wei and Lee, Kenton and Toutanova, Kristina},
  journal={arXiv preprint arXiv:1810.04805},
  year={2018}
}

@article{bahdanau2014neural,
  title={Neural machine translation by jointly learning to align and translate},
  author={Bahdanau, Dzmitry and Cho, Kyunghyun and Bengio, Yoshua},
  journal={arXiv preprint arXiv:1409.0473},
  year={2014}
}
@inproceedings{kalaivanan2013recommendation,
  title={Recommendation system based on statistical analysis of ranking from user},
  author={Kalaivanan, M and Vengatesan, K},
  booktitle={ICICES'13},
  pages={479--484},
  year={2013},
  organization={IEEE}
}
@inproceedings{di2014analysis,
  title={An analysis of users' propensity toward diversity in recommendations},
  author={Di Noia, Tommaso and Ostuni, Vito Claudio and Rosati, Jessica and Tomeo, Paolo and Di Sciascio, Eugenio},
  booktitle={RecSys'14},
  pages={285--288},
  year={2014}
}

@article{yu2019recommendation,
  title={Recommendation with diversity: An adaptive trust-aware model},
  author={Yu, Ting and Guo, Junpeng and Li, Wenhua and Wang, Harry Jiannan and Fan, Ling},
  journal={Decision Support Systems},
  volume={123},
  pages={113073},
  year={2019},
  publisher={Elsevier}
}
@article{bag2019integrated,
  title={An integrated recommender system for improved accuracy and aggregate diversity},
  author={Bag, Sujoy and Ghadge, Abhijeet and Tiwari, Manoj Kumar},
  journal={Computers \& Industrial Engineering},
  volume={130},
  pages={187--197},
  year={2019},
  publisher={Elsevier}
}

@inproceedings{niemann2013new,
  title={A new collaborative filtering approach for increasing the aggregate diversity of recommender systems},
  author={Niemann, Katja and Wolpers, Martin},
  booktitle={KDD'13},
  pages={955--963},
  year={2013}
}
@article{adomavicius2011improving,
  title={Improving aggregate recommendation diversity using ranking-based techniques},
  author={Adomavicius, Gediminas and Kwon, YoungOk},
  journal={TKDE},
  volume={24},
  number={5},
  pages={896--911},
  year={2011},
  publisher={IEEE}
}
@inproceedings{slaney2006measuring,
  title={Measuring playlist diversity for recommendation systems},
  author={Slaney, Malcolm and White, William},
  booktitle={AMCMM'06 workshop},
  pages={77--82},
  year={2006}
}
@article{panniello2014comparing,
  title={Comparing context-aware recommender systems in terms of accuracy and diversity},
  author={Panniello, Umberto and Tuzhilin, Alexander and Gorgoglione, Michele},
  journal={UMUAI},
  volume={24},
  number={1-2},
  pages={35--65},
  year={2014},
  publisher={Springer}
}
@article{bubeck2012regret,
  title={Regret analysis of stochastic and nonstochastic multi-armed bandit problems},
  author={Bubeck, S{\'e}bastien and Cesa-Bianchi, Nicolo and others},
  journal={Foundations and Trends{\textregistered} in Machine Learning},
  volume={5},
  number={1},
  pages={1--122},
  year={2012},
  publisher={Now Publishers, Inc.}
}
@inproceedings{rendle2010factorizing,
  title={Factorizing personalized markov chains for next-basket recommendation},
  author={Rendle, Steffen and Freudenthaler, Christoph and Schmidt-Thieme, Lars},
  booktitle={WWW'10},
  pages={811--820},
  year={2010},
  organization={ACM}
}

@inproceedings{wang2015learning,
  title={Learning hierarchical representation model for nextbasket recommendation},
  author={Wang, Pengfei and Guo, Jiafeng and Lan, Yanyan and Xu, Jun and Wan, Shengxian and Cheng, Xueqi},
  booktitle={SIGIR'15},
  pages={403--412},
  year={2015},
  organization={ACM}
}

@inproceedings{yu2016dynamic,
  title={A dynamic recurrent model for next basket recommendation},
  author={Yu, Feng and Liu, Qiang and Wu, Shu and Wang, Liang and Tan, Tieniu},
  booktitle={SIGIR'16},
  pages={729--732},
  year={2016},
  organization={ACM}
}

@inproceedings{he2016fusing,
  title={Fusing similarity models with markov chains for sparse sequential recommendation},
  author={He, Ruining and McAuley, Julian},
  booktitle={ICDM'16},
  pages={191--200},
  year={2016},
  organization={IEEE}
}

@inproceedings{hidasi2015session,
  title={Session-based recommendations with recurrent neural networks},
  author={Hidasi, Bal{\'a}zs and Karatzoglou, Alexandros and Baltrunas, Linas and Tikk, Domonkos},
  booktitle={ICLR'16},
  year={2016}
}

@inproceedings{tan2016improved,
  title={Improved recurrent neural networks for session-based recommendations},
  author={Tan, Yong Kiam and Xu, Xinxing and Liu, Yong},
  booktitle={RecSys'16 Workshop on Deep Learning},
  pages={17--22},
  year={2016},
  organization={ACM}
}

@inproceedings{he2017translation,
  title={Translation-based recommendation},
  author={He, Ruining and Kang, Wang-Cheng and McAuley, Julian},
  booktitle={RecSys'17},
  pages={161--169},
  year={2017},
  organization={ACM}
}

@inproceedings{hamilton2017inductive,
  title={Inductive representation learning on large graphs},
  author={Hamilton, Will and Ying, Zhitao and Leskovec, Jure},
  booktitle={NIPS'17},
  pages={1024--1034},
  year={2017}
}

@inproceedings{ying2018graph,
  title={Graph convolutional neural networks for web-scale recommender systems},
  author={Ying, Rex and He, Ruining and Chen, Kaifeng and Eksombatchai, Pong and Hamilton, William L and Leskovec, Jure},
  booktitle={KDD'18},
  pages={974--983},
  year={2018},
  organization={ACM}
}

@article{JDH17,
  title={Billion-scale similarity search with GPUs},
  author={Johnson, Jeff and Douze, Matthijs and J{\'e}gou, Herv{\'e}},
  journal={arXiv preprint arXiv:1702.08734},
  year={2017}
}

@inproceedings{lian2018xdeepfm,
  title={xDeepFM: Combining explicit and implicit feature interactions for recommender systems},
  author={Lian, Jianxun and Zhou, Xiaohuan and Zhang, Fuzheng and Chen, Zhongxia and Xie, Xing and Sun, Guangzhong},
  booktitle={KDD'18},
  pages={1754--1763},
  year={2018},
  organization={ACM}
}

@inproceedings{tang2019towards,
  title={Towards neural mixture recommender for long range dependent user sequences},
  author={Tang, Jiaxi and Belletti, Francois and Jain, Sagar and Chen, Minmin and Beutel, Alex and Xu, Can and H Chi, Ed},
  booktitle={WWW'19},
  pages={1782--1793},
  year={2019},
  organization={ACM}
}

@article{li2019multi,
  title={Multi-Interest Network with Dynamic Routing for Recommendation at Tmall},
  author={Li, Chao and Liu, Zhiyuan and Wu, Mengmeng and Xu, Yuchi and Huang, Pipei and Zhao, Huan and Kang, Guoliang and Chen, Qiwei and Li, Wei and Lee, Dik Lun},
  journal={arXiv preprint arXiv:1904.08030},
  year={2019}
}

@inproceedings{sabour2017dynamic,
  title={Dynamic routing between capsules},
  author={Sabour, Sara and Frosst, Nicholas and Hinton, Geoffrey E},
  booktitle={NIPS'17},
  pages={3856--3866},
  year={2017}
}

@article{cho2014properties,
  title={On the properties of neural machine translation: Encoder-decoder approaches},
  author={Cho, Kyunghyun and Van Merri{\"e}nboer, Bart and Bahdanau, Dzmitry and Bengio, Yoshua},
  journal={NAACL'14 Workshop on Syntax, Semantics and Structure in Statistical Translation},
  year={2014}
}

@inproceedings{hinton2011transforming,
  title={Transforming auto-encoders},
  author={Hinton, Geoffrey E and Krizhevsky, Alex and Wang, Sida D},
  booktitle={ICANN'11},
  pages={44--51},
  year={2011},
  organization={Springer}
}

@inproceedings{e2018matrix,
  title={Matrix capsules with {EM} routing},
  author={Geoffrey E Hinton and Sara Sabour and Nicholas Frosst},
  booktitle={ICLR'18},
  year={2018},
  url={https://openreview.net/forum?id=HJWLfGWRb},
}

@inproceedings{kosiorek2019stacked,
  title={Stacked capsule autoencoders},
  author={Kosiorek, Adam and Sabour, Sara and Teh, Yee Whye and Hinton, Geoffrey E},
  booktitle={NIPS'19},
  pages={15486--15496},
  year={2019}
}

@inproceedings{zhou2018deep,
  title={Deep interest network for click-through rate prediction},
  author={Zhou, Guorui and Zhu, Xiaoqiang and Song, Chenru and Fan, Ying and Zhu, Han and Ma, Xiao and Yan, Yanghui and Jin, Junqi and Li, Han and Gai, Kun},
  booktitle={KDD'18},
  pages={1059--1068},
  year={2018},
  organization={ACM}
}

@inproceedings{chen2018sequential,
  title={Sequential recommendation with user memory networks},
  author={Chen, Xu and Xu, Hongteng and Zhang, Yongfeng and Tang, Jiaxi and Cao, Yixin and Qin, Zheng and Zha, Hongyuan},
  booktitle={WSDM'18},
  pages={108--116},
  year={2018},
  organization={ACM}
}

@inproceedings{zhou2019deep,
  title={Deep interest evolution network for click-through rate prediction},
  author={Zhou, Guorui and Mou, Na and Fan, Ying and Pi, Qi and Bian, Weijie and Zhou, Chang and Zhu, Xiaoqiang and Gai, Kun},
  booktitle={AAAI'19},
  volume={33},
  pages={5941--5948},
  year={2019}
}

@article{hanley1982meaning,
  title={The meaning and use of the area under a receiver operating characteristic (ROC) curve.},
  author={Hanley, James A and McNeil, Barbara J},
  journal={Radiology},
  volume={143},
  number={1},
  pages={29--36},
  year={1982}
}

@inproceedings{karypis2001evaluation,
  title={Evaluation of item-based top-n recommendation algorithms},
  author={Karypis, George},
  booktitle={CIKM'01},
  pages={247--254},
  year={2001},
  organization={ACM}
}

@inproceedings{smirnova2017contextual,
  title={Contextual sequence modeling for recommendation with recurrent neural networks},
  author={Smirnova, Elena and Vasile, Flavian},
  booktitle={RecSys'17 Workshop on Deep Learning},
  pages={2--9},
  year={2017},
  organization={ACM}
}

@inproceedings{tang2018personalized,
  title={Personalized top-n sequential recommendation via convolutional sequence embedding},
  author={Tang, Jiaxi and Wang, Ke},
  booktitle={WSDM'18},
  pages={565--573},
  year={2018},
  organization={ACM}
}

@inproceedings{wu2017recurrent,
  title={Recurrent recommender networks},
  author={Wu, Chao-Yuan and Ahmed, Amr and Beutel, Alex and Smola, Alexander J and Jing, How},
  booktitle={WSDM'17},
  pages={495--503},
  year={2017},
  organization={ACM}
}

@article{koren2009matrix,
  title={Matrix factorization techniques for recommender systems},
  author={Koren, Yehuda and Bell, Robert and Volinsky, Chris},
  journal={Computer},
  number={8},
  pages={30--37},
  year={2009},
  publisher={IEEE}
}

@article{sarwar2001item,
  title={Item-based collaborative filtering recommendation algorithms.},
  author={Sarwar, Badrul Munir and Karypis, George and Konstan, Joseph A and Riedl, John and others},
  journal={WWW'01},
  pages={285--295},
  year={2001}
}

@incollection{schafer2007collaborative,
  title={Collaborative filtering recommender systems},
  author={Schafer, J Ben and Frankowski, Dan and Herlocker, Jon and Sen, Shilad},
  booktitle={The adaptive web},
  pages={291--324},
  year={2007},
  publisher={Springer}
}

@inproceedings{xue2017deep,
  title={Deep Matrix Factorization Models for Recommender Systems.},
  author={Xue, Hong-Jian and Dai, Xinyu and Zhang, Jianbing and Huang, Shujian and Chen, Jiajun},
  booktitle={IJCAI'17},
  pages={3203--3209},
  year={2017}
}

@inproceedings{guo2017deepfm,
  title={DeepFM: a factorization-machine based neural network for CTR prediction},
  author={Guo, Huifeng and Tang, Ruiming and Ye, Yunming and Li, Zhenguo and He, Xiuqiang},
  booktitle={IJCAI'17},
  year={2017}
}

@inproceedings{he2017neural,
  title={Neural collaborative filtering},
  author={He, Xiangnan and Liao, Lizi and Zhang, Hanwang and Nie, Liqiang and Hu, Xia and Chua, Tat-Seng},
  booktitle={WWW'17},
  pages={173--182},
  year={2017},
  organization={International World Wide Web Conferences Steering Committee}
}

@inproceedings{pi2019practice,
  title={Practice on long sequential user behavior modeling for click-through rate prediction},
  author={Pi, Qi and Bian, Weijie and Zhou, Guorui and Zhu, Xiaoqiang and Gai, Kun},
  booktitle={KDD'19},
  pages={2671--2679},
  year={2019}
}

@article{pal1992multilayer,
  title={Multilayer perceptron, fuzzy sets, and classification},
  author={Pal, Sankar K and Mitra, Sushmita},
  journal={IEEE Transactions on neural networks},
  volume={3},
  number={5},
  pages={683--697},
  year={1992},
  publisher={IEEE}
}

@inproceedings{vaswani2017attention,
  title={Attention is all you need},
  author={Vaswani, Ashish and Shazeer, Noam and Parmar, Niki and Uszkoreit, Jakob and Jones, Llion and Gomez, Aidan N and Kaiser, {\L}ukasz and Polosukhin, Illia},
  booktitle={NIPS'17},
  pages={5998--6008},
  year={2017}
}

@article{kingma2014adam,
  title={Adam: A method for stochastic optimization},
  author={Kingma, Diederik P and Ba, Jimmy},
  journal={arXiv preprint arXiv:1412.6980},
  year={2014}
}

@inproceedings{jean2014using,
  title={On using very large target vocabulary for neural machine translation},
  author={Jean, S{\'e}bastien and Cho, Kyunghyun and Memisevic, Roland and Bengio, Yoshua},
  journal={ACL'15},
  year={2015}
}

@inproceedings{covington2016deep,
  title={Deep neural networks for youtube recommendations},
  author={Covington, Paul and Adams, Jay and Sargin, Emre},
  booktitle={RecSys'16},
  pages={191--198},
  year={2016},
  organization={ACM}
}

@inproceedings{zhu2018learning,
  title={Learning tree-based deep model for recommender systems},
  author={Zhu, Han and Li, Xiang and Zhang, Pengye and Li, Guozheng and He, Jie and Li, Han and Gai, Kun},
  booktitle={KDD'18},
  pages={1079--1088},
  year={2018},
  organization={ACM}
}

@inproceedings{mcauley2015image,
  title={Image-based recommendations on styles and substitutes},
  author={McAuley, Julian and Targett, Christopher and Shi, Qinfeng and Van Den Hengel, Anton},
  booktitle={SIGIR'15},
  pages={43--52},
  year={2015},
  organization={ACM}
}

@inproceedings{he2016ups,
  title={Ups and downs: Modeling the visual evolution of fashion trends with one-class collaborative filtering},
  author={He, Ruining and McAuley, Julian},
  booktitle={WWW'16},
  pages={507--517},
  year={2016},
  organization={International World Wide Web Conferences Steering Committee}
}

@inproceedings{lin2017structured,
  title={A structured self-attentive sentence embedding},
  author={Lin, Zhouhan and Feng, Minwei and Santos, Cicero Nogueira dos and Yu, Mo and Xiang, Bing and Zhou, Bowen and Bengio, Yoshua},
  booktitle={ICLR'17},
  year={2017}
}

@inproceedings{lv2019sdm,
  title={SDM: Sequential deep matching model for online large-scale recommender system},
  author={Lv, Fuyu and Jin, Taiwei and Yu, Changlong and Sun, Fei and Lin, Quan and Yang, Keping and Ng, Wilfred},
  booktitle={CIKM'19},
  pages={2635--2643},
  year={2019}
}

@inproceedings{ebesu2018collaborative,
  title={Collaborative memory network for recommendation systems},
  author={Ebesu, Travis and Shen, Bin and Fang, Yi},
  booktitle={SIGIR'18},
  pages={515--524},
  year={2018},
  organization={ACM}
}

@inproceedings{feng2019deep,
  title={Deep Session Interest Network for Click-Through Rate Prediction},
  author={Feng, Yufei and Lv, Fuyu and Shen, Weichen and Wang, Menghan and Sun, Fei and Zhu, Yu and Yang, Keping},
  booktitle={IJCAI'19},
  year={2019}
}

@inproceedings{wang2017deep,
  title={Deep \& cross network for ad click predictions},
  author={Wang, Ruoxi and Fu, Bin and Fu, Gang and Wang, Mingliang},
  booktitle={ADKDD'17},
  pages={12},
  year={2017},
  organization={ACM}
}

@inproceedings{he2017nfm,
  title={Neural factorization machines for sparse predictive analytics},
  author={He, Xiangnan and Chua, Tat-Seng},
  booktitle={SIGIR'17},
  pages={355--364},
  year={2017},
  organization={ACM}
}

@inproceedings{rendle2010factorization,
  title={Factorization machines},
  author={Rendle, Steffen},
  booktitle={ICDM'10},
  pages={995--1000},
  year={2010},
  organization={IEEE}
}

@inproceedings{kang2018self,
  title={Self-attentive sequential recommendation},
  author={Kang, Wang-Cheng and McAuley, Julian},
  booktitle={ICDM'18},
  pages={197--206},
  year={2018},
  organization={IEEE}
}

@inproceedings{tang2009large,
  title={Large scale multi-label classification via metalabeler},
  author={Tang, Lei and Rajan, Suju and Narayanan, Vijay K},
  booktitle={WWW'09},
  pages={211--220},
  year={2009},
  organization={ACM}
}

@inproceedings{perozzi2014deepwalk,
  title={Deepwalk: Online learning of social representations},
  author={Perozzi, Bryan and Al-Rfou, Rami and Skiena, Steven},
  booktitle={KDD'14},
  pages={701--710},
  year={2014},
  organization={ACM}
}

@inproceedings{qiu2018network,
  title={Network embedding as matrix factorization: Unifying deepwalk, line, pte, and node2vec},
  author={Qiu, Jiezhong and Dong, Yuxiao and Ma, Hao and Li, Jian and Wang, Kuansan and Tang, Jie},
  booktitle={WSDM'18},
  pages={459--467},
  year={2018},
  organization={ACM}
}

@inproceedings{cen2019representation,
  title={Representation learning for attributed multiplex heterogeneous network},
  author={Cen, Yukuo and Zou, Xu and Zhang, Jianwei and Yang, Hongxia and Zhou, Jingren and Tang, Jie},
  booktitle={KDD'19},
  pages={1358--1368},
  year={2019}
}

@inproceedings{belletti2018factorized,
  title={Factorized recurrent neural architectures for longer range dependence},
  author={Belletti, Francois and Beutel, Alex and Jain, Sagar and Chi, Ed},
  booktitle={AISTATS'18},
  pages={1522--1530},
  year={2018}
}

@inproceedings{jarvelin2000ir,
  title={IR evaluation methods for retrieving highly relevant documents},
  author={J{\"a}rvelin, Kalervo and Kek{\"a}l{\"a}inen, Jaana},
  booktitle={SIGIR'00},
  pages={41--48},
  year={2000},
  organization={ACM}
}

@inproceedings{li2019capsule,
  title={A Capsule Network for Recommendation and Explaining What You Like and Dislike},
  author={Li, Chenliang and Quan, Cong and Peng, Li and Qi, Yunwei and Deng, Yuming and Wu, Libing},
  booktitle={SIGIR'19},
  pages={275--284},
  year={2019},
  organization={ACM}
}

@inproceedings{bradley2001improving,
  title={Improving recommendation diversity},
  author={Bradley, Keith and Smyth, Barry},
  booktitle={AICS'01},
  pages={85--94},
  year={2001},
  organization={Citeseer}
}

@inproceedings{qin2013promoting,
  title={Promoting diversity in recommendation by entropy regularizer},
  author={Qin, Lijing and Zhu, Xiaoyan},
  booktitle={IJCAI'13},
  year={2013}
}

@inproceedings{liang2018variational,
  title={Variational autoencoders for collaborative filtering},
  author={Liang, Dawen and Krishnan, Rahul G and Hoffman, Matthew D and Jebara, Tony},
  booktitle={WWW'18},
  pages={689--698},
  year={2018}
}

@inproceedings{ma2019learning,
  title={Learning disentangled representations for recommendation},
  author={Ma, Jianxin and Zhou, Chang and Cui, Peng and Yang, Hongxia and Zhu, Wenwu},
  booktitle={NIPS'19},
  pages={5712--5723},
  year={2019}
}

@book{marlin2004collaborative,
  title={Collaborative filtering: A machine learning perspective},
  author={Marlin, Benjamin},
  year={2004},
  publisher={University of Toronto Toronto}
}

@article{gogna2017balancing,
  title={Balancing accuracy and diversity in recommendations using matrix completion framework},
  author={Gogna, Anupriya and Majumdar, Angshul},
  journal={Knowledge-Based Systems},
  volume={125},
  pages={83--95},
  year={2017},
  publisher={Elsevier}
}

@inproceedings{cheng2017learning,
  title={Learning to recommend accurate and diverse items},
  author={Cheng, Peizhe and Wang, Shuaiqiang and Ma, Jun and Sun, Jiankai and Xiong, Hui},
  booktitle={WWW'17},
  pages={183--192},
  year={2017}
}

@inproceedings{gehring2017convolutional,
  title={Convolutional sequence to sequence learning},
  author={Gehring, Jonas and Auli, Michael and Grangier, David and Yarats, Denis and Dauphin, Yann N},
  booktitle={ICML'17},
  pages={1243--1252},
  year={2017},
  organization={JMLR. org}
}
